<collection xmlns="http://www.loc.gov/MARC21/slim">
<record>
  <leader>04372nam0a2200709 i 450 </leader>
  <controlfield tag="001">IT\ICCU\CNCE\012399</controlfield>
  <controlfield tag="005">20200706000000.0</controlfield>
  <datafield tag="012" ind1=" " ind2=" ">
    <subfield code="a">t.o- g.e- dei- tuni (3) 1567 (R)</subfield>
    <subfield code="2">fei</subfield>
  </datafield>
  <datafield tag="100" ind1=" " ind2=" ">
    <subfield code="a">19970101d1567        0itac0103    ba</subfield>
  </datafield>
  <datafield tag="101" ind1=" " ind2=" ">
    <subfield code="a">LAT</subfield>
  </datafield>
  <datafield tag="102" ind1=" " ind2=" ">
    <subfield code="a">IT</subfield>
  </datafield>
  <datafield tag="200" ind1="1" ind2=" ">
    <subfield code="a">℗M. Tullii Ciceronis ℗Epistolae familiares cum Hubertini, Philetici, Ascensii, et Egnatii, commentariis, Pauli Manutii scholijs, ab ipso proxime recognitis</subfield>
  </datafield>
  <datafield tag="210" ind1=" " ind2=" ">
    <subfield code="a">Venetiis</subfield>
    <subfield code="c">apud Hieronymum Scotum</subfield>
    <subfield code="d">1567</subfield>
    <subfield code="e">Venetiis</subfield>
    <subfield code="g">apud Hieronymum Scotum</subfield>
    <subfield code="h">1567</subfield>
  </datafield>
  <datafield tag="215" ind1=" " ind2=" ">
    <subfield code="a">\4!, 509 \i.e. 513!, \2! p.</subfield>
    <subfield code="d">fol</subfield>
  </datafield>
  <datafield tag="620" ind1=" " ind2=" ">
    <subfield code="a">IT</subfield>
    <subfield code="d">Venezia</subfield>
  </datafield>
  <datafield tag="700" ind1=" " ind2="1">
    <subfield code="a">Cicero,</subfield>
    <subfield code="b">Marcus Tullius</subfield>
    <subfield code="3">IT\ICCU\CNCA\002170</subfield>
  </datafield>
  <datafield tag="702" ind1=" " ind2="0">
    <subfield code="a">Ubertino</subfield>
    <subfield code="c"> : da#Crescentino</subfield>
    <subfield code="3">IT\ICCU\CNCA\003044</subfield>
  </datafield>
  <datafield tag="702" ind1=" " ind2="1">
    <subfield code="a">Filetico,</subfield>
    <subfield code="b">Martino</subfield>
    <subfield code="3">IT\ICCU\CNCA\003045</subfield>
  </datafield>
  <datafield tag="702" ind1=" " ind2="1">
    <subfield code="a">Egnazio,</subfield>
    <subfield code="b">Giovanni Battista</subfield>
    <subfield code="3">IT\ICCU\CNCA\003049</subfield>
  </datafield>
  <datafield tag="702" ind1=" " ind2="1">
    <subfield code="a">Corradi,</subfield>
    <subfield code="b">Sebastiano</subfield>
    <subfield code="3">IT\ICCU\CNCA\003053</subfield>
  </datafield>
  <datafield tag="702" ind1=" " ind2="1">
    <subfield code="a">Scoppa,</subfield>
    <subfield code="b">Lucio Giovanni</subfield>
    <subfield code="3">IT\ICCU\CNCA\003172</subfield>
  </datafield>
  <datafield tag="702" ind1=" " ind2="1">
    <subfield code="a">Crinito,</subfield>
    <subfield code="b">Pietro</subfield>
    <subfield code="3">IT\ICCU\CNCA\003576</subfield>
  </datafield>
  <datafield tag="702" ind1=" " ind2="1">
    <subfield code="a">Manuzio,</subfield>
    <subfield code="b">Paolo</subfield>
    <subfield code="c"> &lt;1512-1574&gt;</subfield>
    <subfield code="3">IT\ICCU\CNCA\000321</subfield>
  </datafield>
  <datafield tag="702" ind1=" " ind2="1">
    <subfield code="a">Bade,</subfield>
    <subfield code="b">Josse</subfield>
    <subfield code="3">IT\ICCU\CNCA\001185</subfield>
  </datafield>
  <datafield tag="712" ind1="0" ind2="0">
    <subfield code="a">Scoto, Girolamo</subfield>
    <subfield code="3">IT\ICCU\CNCT\000134</subfield>
    <subfield code="4">650</subfield>
  </datafield>
  <datafield tag="790" ind1=" " ind2="1">
    <subfield code="a">Tullius Cicero,</subfield>
    <subfield code="b">Marcus</subfield>
    <subfield code="3">IT\ICCU\CNCA\020042</subfield>
    <subfield code="z">Cicero, Marcus Tullius</subfield>
  </datafield>
  <datafield tag="790" ind1=" " ind2="0">
    <subfield code="a">Hubertinus</subfield>
    <subfield code="c"> : Crescentinas</subfield>
    <subfield code="3">IT\ICCU\CNCA\003292</subfield>
    <subfield code="z">Ubertino : da#Crescentino</subfield>
  </datafield>
  <datafield tag="790" ind1=" " ind2="1">
    <subfield code="a">Clerico,</subfield>
    <subfield code="b">Uberto</subfield>
    <subfield code="3">IT\ICCU\CNCA\017260</subfield>
    <subfield code="z">Ubertino : da#Crescentino</subfield>
  </datafield>
  <datafield tag="790" ind1=" " ind2="0">
    <subfield code="a">Ubertinus</subfield>
    <subfield code="c"> : Clericus</subfield>
    <subfield code="3">IT\ICCU\CNCA\025013</subfield>
    <subfield code="z">Ubertino : da#Crescentino</subfield>
  </datafield>
  <datafield tag="790" ind1=" " ind2="1">
    <subfield code="a">Phileticus,</subfield>
    <subfield code="b">Martinus</subfield>
    <subfield code="3">IT\ICCU\CNCA\014812</subfield>
    <subfield code="z">Filetico, Martino</subfield>
  </datafield>
  <datafield tag="790" ind1=" " ind2="1">
    <subfield code="a">Cipelli,</subfield>
    <subfield code="b">Giovanni Battista</subfield>
    <subfield code="3">IT\ICCU\CNCA\003293</subfield>
    <subfield code="z">Egnazio, Giovanni Battista</subfield>
  </datafield>
  <datafield tag="790" ind1=" " ind2="1">
    <subfield code="a">Egnatius,</subfield>
    <subfield code="b">Ioannes Baptista</subfield>
    <subfield code="3">IT\ICCU\CNCA\013969</subfield>
    <subfield code="z">Egnazio, Giovanni Battista</subfield>
  </datafield>
  <datafield tag="790" ind1=" " ind2="0">
    <subfield code="a">Egnatius</subfield>
    <subfield code="3">IT\ICCU\CNCA\023268</subfield>
    <subfield code="z">Egnazio, Giovanni Battista</subfield>
  </datafield>
  <datafield tag="790" ind1=" " ind2="0">
    <subfield code="a">Egnatius</subfield>
    <subfield code="c"> : Venetus</subfield>
    <subfield code="3">IT\ICCU\CNCA\023272</subfield>
    <subfield code="z">Egnazio, Giovanni Battista</subfield>
  </datafield>
  <datafield tag="790" ind1=" " ind2="1">
    <subfield code="a">Corradus,</subfield>
    <subfield code="b">Sebastianus</subfield>
    <subfield code="3">IT\ICCU\CNCA\013992</subfield>
    <subfield code="z">Corradi, Sebastiano</subfield>
  </datafield>
  <datafield tag="790" ind1=" " ind2="0">
    <subfield code="a">Fedele Accademico Acceso</subfield>
    <subfield code="3">IT\ICCU\CNCA\013993</subfield>
    <subfield code="z">Corradi, Sebastiano</subfield>
  </datafield>
  <datafield tag="790" ind1=" " ind2="1">
    <subfield code="a">Scoppa,</subfield>
    <subfield code="b">Lucius Johannes</subfield>
    <subfield code="3">IT\ICCU\CNCA\015211</subfield>
    <subfield code="z">Scoppa, Lucio Giovanni</subfield>
  </datafield>
  <datafield tag="790" ind1=" " ind2="1">
    <subfield code="a">Riccio,</subfield>
    <subfield code="b">Pietro</subfield>
    <subfield code="3">IT\ICCU\CNCA\013853</subfield>
    <subfield code="z">Crinito, Pietro</subfield>
  </datafield>
  <datafield tag="790" ind1=" " ind2="1">
    <subfield code="a">Del_Riccio Baldi,</subfield>
    <subfield code="b">Pietro</subfield>
    <subfield code="3">IT\ICCU\CNCA\013854</subfield>
    <subfield code="z">Crinito, Pietro</subfield>
  </datafield>
  <datafield tag="790" ind1=" " ind2="1">
    <subfield code="a">Crinitus,</subfield>
    <subfield code="b">Petrus</subfield>
    <subfield code="3">IT\ICCU\CNCA\013856</subfield>
    <subfield code="z">Crinito, Pietro</subfield>
  </datafield>
  <datafield tag="790" ind1=" " ind2="0">
    <subfield code="a">Petrus</subfield>
    <subfield code="c"> : Crinitus</subfield>
    <subfield code="3">IT\ICCU\CNCA\014796</subfield>
    <subfield code="z">Crinito, Pietro</subfield>
  </datafield>
  <datafield tag="790" ind1=" " ind2="1">
    <subfield code="a">Manutius,</subfield>
    <subfield code="b">Paulus</subfield>
    <subfield code="3">IT\ICCU\CNCA\019615</subfield>
    <subfield code="z">Manuzio, Paolo &lt;1512-1574&gt;</subfield>
  </datafield>
  <datafield tag="790" ind1=" " ind2="1">
    <subfield code="a">Manuce,</subfield>
    <subfield code="b">Paul</subfield>
    <subfield code="3">IT\ICCU\CNCA\019616</subfield>
    <subfield code="z">Manuzio, Paolo &lt;1512-1574&gt;</subfield>
  </datafield>
  <datafield tag="790" ind1=" " ind2="0">
    <subfield code="a">Badius Ascensius Jodocus</subfield>
    <subfield code="3">IT\ICCU\CNCA\003294</subfield>
    <subfield code="z">Bade, Josse</subfield>
  </datafield>
  <datafield tag="790" ind1=" " ind2="0">
    <subfield code="a">Ascensius</subfield>
    <subfield code="3">IT\ICCU\CNCA\026332</subfield>
    <subfield code="z">Bade, Josse</subfield>
  </datafield>
  <datafield tag="791" ind1="0" ind2="0">
    <subfield code="a">Scotto, Girolamo</subfield>
    <subfield code="3">IT\ICCU\CNCT\002826</subfield>
    <subfield code="z">Scoto, Girolamo</subfield>
  </datafield>
  <datafield tag="791" ind1="0" ind2="0">
    <subfield code="a">Schottus, Hieronymus</subfield>
    <subfield code="3">IT\ICCU\CNCT\004087</subfield>
    <subfield code="z">Scoto, Girolamo</subfield>
  </datafield>
  <datafield tag="791" ind1="0" ind2="0">
    <subfield code="a">Scotus, Hieronymus</subfield>
    <subfield code="3">IT\ICCU\CNCT\005629</subfield>
    <subfield code="z">Scoto, Girolamo</subfield>
  </datafield>
  <datafield tag="791" ind1="0" ind2="0">
    <subfield code="a">Scottus, Hieronymus</subfield>
    <subfield code="3">IT\ICCU\CNCT\005630</subfield>
    <subfield code="z">Scoto, Girolamo</subfield>
  </datafield>
  <datafield tag="791" ind1="0" ind2="0">
    <subfield code="a">Schotus, Hieronymus</subfield>
    <subfield code="3">IT\ICCU\CNCT\005631</subfield>
    <subfield code="z">Scoto, Girolamo</subfield>
  </datafield>
  <datafield tag="791" ind1="0" ind2="0">
    <subfield code="a">Scotti, Girolamo</subfield>
    <subfield code="3">IT\ICCU\CNCT\005632</subfield>
    <subfield code="z">Scoto, Girolamo</subfield>
  </datafield>
  <datafield tag="801" ind1=" " ind2="3">
    <subfield code="a">IT</subfield>
    <subfield code="b">ICCU</subfield>
    <subfield code="c">20201113</subfield>
  </datafield>
  <datafield tag="899" ind1=" " ind2=" ">
    <subfield code="a">Biblioteca del Clero di S. Alessandro in Colonna (depositata presso Bibl. mons. G.M. Radini Tedeschi). Bergamo</subfield>
    <subfield code="1">BG0043</subfield>
    <subfield code="2">LO1 56</subfield>
  </datafield>
  <datafield tag="899" ind1=" " ind2=" ">
    <subfield code="a">Biblioteca del Seminario arcivescovile. Ferrara</subfield>
    <subfield code="1">FE0009</subfield>
    <subfield code="2">PBE L8</subfield>
  </datafield>
  <datafield tag="899" ind1=" " ind2=" ">
    <subfield code="a">Biblioteca del Seminario teologico filosofico di S. Gaudenzio. Novara</subfield>
    <subfield code="1">NO0064</subfield>
    <subfield code="2">TO0 Y5</subfield>
  </datafield>
  <datafield tag="899" ind1=" " ind2=" ">
    <subfield code="a">Biblioteca nazionale centrale. Roma</subfield>
    <subfield code="1">RM0267</subfield>
    <subfield code="2">BVE CR</subfield>
  </datafield>
  <datafield tag="899" ind1=" " ind2=" ">
    <subfield code="a">Biblioteca comunale di Velletri - Fondo antico. Velletri</subfield>
    <subfield code="z">MUTILO</subfield>
    <subfield code="1">RM0611</subfield>
    <subfield code="2">RMS L9</subfield>
  </datafield>
  <datafield tag="899" ind1=" " ind2=" ">
    <subfield code="a">Biblioteca S. Francesco della Vigna. Venezia</subfield>
    <subfield code="1">VE0031</subfield>
    <subfield code="2">VIA SF</subfield>
  </datafield>
  <datafield tag="911" ind1=" " ind2=" ">
    <subfield code="a">Sul front.</subfield>
    <subfield code="9">IT\ICCU\CNCM\000218</subfield>
  </datafield>
  <datafield tag="911" ind1=" " ind2=" ">
    <subfield code="a">Nel coloph.</subfield>
    <subfield code="9">IT\ICCU\CNCM\000053</subfield>
  </datafield>
  <datafield tag="921" ind1=" " ind2=" ">
    <subfield code="a">IT\ICCU\CNCM\000218</subfield>
    <subfield code="b">Grifone su un&apos;anfora. In cornice figurata</subfield>
    <subfield code="c">V462</subfield>
    <subfield code="d">Dimensioni: 7,5 x 9,5</subfield>
    <subfield code="f">ANFORA</subfield>
    <subfield code="f">GRIFONE</subfield>
    <subfield code="g">1553-1594</subfield>
  </datafield>
  <datafield tag="921" ind1=" " ind2=" ">
    <subfield code="a">IT\ICCU\CNCM\000053</subfield>
    <subfield code="b">Fama (donna alata con in bocca un corno tiene uno scudo con iniziali O.S.M. Ai lati uomini con faretre. In alto Mercurio volante in atto di incoronarla</subfield>
    <subfield code="e">Famam extendere factis est virtutis opus</subfield>
    <subfield code="c">V457</subfield>
    <subfield code="c">Z521</subfield>
    <subfield code="d">Dimensioni : 6x7</subfield>
    <subfield code="f">FAMA</subfield>
    <subfield code="f">FAMAMEXTEN</subfield>
    <subfield code="f">MERCURIO</subfield>
    <subfield code="f">OSM</subfield>
    <subfield code="f">TROMBA</subfield>
    <subfield code="g">1539-1594</subfield>
  </datafield>
</record>
</collection>
